@article{aggarwal1988ioc,
  title={{The input/output complexity of sorting and related problems}},
  author={Aggarwal, A. and Jeffrey, S.V.},
  journal={Communications of the ACM},
  volume={31},
  number={9},
  pages={1116--1127},
  year={1988},
  publisher={ACM Press New York, NY, USA}
}

@mastersthesis{prokop1999coa,
  title={{Cache-Oblivious Algorithms}},
  author={Prokop, H.},
  year={1999},
  school={Massachusetts Institute of Technology}
}

@article{demaine2002coa,
  title={{Cache-oblivious algorithms and data structures}},
  author={Demaine, E.D.},
  journal={Lecture Notes from the EEF Summer School on Massive Data Sets},
  year={2002}
}

@article{bender2004lpc,
  title={{A locality-preserving cache-oblivious dynamic dictionary}},
  author={Bender, M.A. and Duan, Z. and Iacono, J. and Wu, J.},
  journal={Journal of Algorithms},
  pages={115--136},
  volume={53},
  number={2},
  year={2004},
}

@article{vitter2001ema,
  title={{External Memory Algorithms and Data Structures: Dealing with massive data}},
  author={Vitter, J.S.},
  journal={ACM Computing Surveys},
  volume={33},
  number={2},
  pages={209--271},
  year={2001},
  publisher={American Mathematical Society}
}

@article{bender2005cob,
  title={{Cache-Oblivious B-Trees}},
  author={Bender, M.A. and Demaine, E.D. and Farach-Colton, M.},
  journal={SIAM Journal on Computing},
  volume={35},
  number={2},
  pages={341--358},
  year={2005},
  publisher={SIAM}
}
