@article{aggarwal1988ioc,
  title={{The input/output complexity of sorting and related problems}},
  author={Aggarwal, A. and Jeffrey, S.V.},
  journal={Communications of the ACM},
  volume={31},
  number={9},
  pages={1116--1127},
  year={1988},
  publisher={ACM Press New York, NY, USA}
}

@mastersthesis{prokop1999coa,
  title={{Cache-Oblivious Algorithms}},
  author={Prokop, H.},
  year={1999},
  school={Massachusetts Institute of Technology}
}

@article{demaine2002coa,
  title={{Cache-oblivious algorithms and data structures}},
  author={Demaine, E.D.},
  journal={Lecture Notes from the EEF Summer School on Massive Data Sets},
  year={2002}
}

@article{bender2004lpc,
  title={{A locality-preserving cache-oblivious dynamic dictionary}},
  author={Bender, M.A. and Duan, Z. and Iacono, J. and Wu, J.},
  journal={Journal of Algorithms},
  pages={115--136},
  volume={53},
  number={2},
  year={2004},
}

@article{vitter2001ema,
  title={{External Memory Algorithms and Data Structures: Dealing with massive data}},
  author={Vitter, J.S.},
  journal={ACM Computing Surveys},
  volume={33},
  number={2},
  pages={209--271},
  year={2001},
  publisher={American Mathematical Society}
}

@article{bender2005cob,
  title={{Cache-Oblivious B-Trees}},
  author={Bender, M.A. and Demaine, E.D. and Farach-Colton, M.},
  journal={SIAM Journal on Computing},
  volume={35},
  number={2},
  pages={341--358},
  year={2005},
  publisher={SIAM}
}

@book{aggarwal1987mhm,
  title={{A model for hierarchical memory}},
  author={Aggarwal, A. and Alpern, B. and Chandra, A. and Snir, M.},
  year={1987},
  publisher={ACM Press New York, NY, USA}
}

@article{morrison1968ppa,
  title={{PATRICIA -- Practical Algorithm To Retrieve Information Coded in Alphanumeric}},
  author={Morrison, D.R.},
  journal={Journal of the ACM (JACM)},
  volume={15},
  number={4},
  pages={514--534},
  year={1968},
  publisher={ACM Press New York, NY, USA}
}

@article{sleator1985sab,
  title={{Self-adjusting binary search trees}},
  author={Sleator, D.D. and Tarjan, R.E.},
  journal={J. Assoc. Comput. Mach},
  volume={32},
  number={3},
  pages={652686},
  year={1985}
}

@misc{oprofile,
  title={{OProfile}},
  author={Levon, J. and Elie, P.},
  note={http://oprofile.sourceforge.net},
}

@article{rahman2001opd,
  title={{Optimised Predecessor Data Structures for Internal Memory}},
  author={Rahman, N. and Cole, R. and Raman, R.},
  journal={Algorithm Engineering: 5th International Workshop, WAE 2001, Aarhus, Denmark, August 28-31, 2001: Proceedings},
  year={2001},
  publisher={Springer}
}
